
@article{anas1983a,
  title = {Discrete Choice Theory, Information-Theory and the Multinomial Logit and Gravity Models},
  author = {Anas, Alex},
  year = {1983},
  month = feb,
  journal = {Transportation Research Part B: Methodological},
  volume = {17},
  pages = {13--23},
  doi = {10.1016/0191-2615(83)90023-1}
}

@article{bishop2020,
  title = {Best {{Practices}} for {{Using Hedonic Property Value Models}} to {{Measure Willingness}} to {{Pay}} for {{Environmental Quality}}},
  author = {Bishop, Kelly C. and Kuminoff, Nicolai V. and Banzhaf, H. Spencer and Boyle, Kevin J. and {von Gravenitz}, Kathrine and Pope, Jaren C. and Smith, V. Kerry and Timmins, Christopher D.},
  year = {2020},
  month = jun,
  journal = {Review of Environmental Economics and Policy},
  volume = {14},
  number = {2},
  pages = {260--281},
  publisher = {{The University of Chicago Press}},
  issn = {1750-6816},
  doi = {10.1093/reep/reaa001},
  abstract = {The hedonic property-value model has been refined over more than forty years to become one of the premier approaches to valuing environmental amenities. This article presents best practices for hedonic property-value modeling when the goal is to measure households' willingness to pay (WTP) for a change in a spatially varying amenity. The starting point is a research design that identifies a source of exogenous variation in an amenity that is observable by prospective buyers (e.g., air quality). Data on the sales prices and physical attributes of houses, together with location-specific measures for amenities, are then used to estimate a housing-price function. Under ideal conditions, the derivative of this price function can be interpreted as indicating the amenity's implicit price, which can then be used to calculate household marginal WTP for the amenity. In principle, this process is straightforward. In practice, modeling decisions must be made to define variables that measure sale prices and amenities and to select an econometric specification. Although the number of issues to address when developing a ``best practices'' study may seem daunting, the effort is both worthwhile and important for developing accurate measures of the WTP for environmental quality.},
  keywords = {Q5},
  file = {C\:\\Users\\bruker\\Zotero\\storage\\F47GQJXF\\Bishop et al. - 2020 - Best Practices for Using Hedonic Property Value Mo.pdf}
}

@article{brownstone2005,
  title = {Valuing Time and Reliability: Assessing the Evidence from Road Pricing Demonstrations},
  author = {Brownstone, David and Small, Kenneth},
  year = {2005},
  month = may,
  journal = {Transportation Research Part A: Policy and Practice},
  volume = {39},
  pages = {279--293},
  doi = {10.1016/j.tra.2004.11.001}
}

@article{devries2001,
  title = {Alonso's Theory of Movements: Developments in Spatial Interaction Modeling},
  author = {{de Vries}, Jacob and Nijkamp, P. and Rietveld, Piet},
  year = {2001},
  month = jan,
  journal = {Journal of Geographical Systems},
  volume = {3},
  pages = {233--256},
  doi = {10.1007/PL00011478}
}

@article{fotheringham1980,
  title = {Spatial Structure and the Parameters of Spatial Interaction Models},
  author = {Fotheringham, Alexander Stewart and Webber, Michael J.},
  year = {1980},
  journal = {Geographical Analysis},
  volume = {12},
  pages = {33--46},
  doi = {10.1111/j.1538-4632.1980.tb00016.x}
}

@article{fotheringham1981,
  title = {Spatial Structure and Distance-Decay Parameters},
  author = {Fotheringham, Alexander Stewart},
  year = {1981},
  month = sep,
  journal = {Annals of The Association of American Geographers},
  volume = {71},
  pages = {425--436},
  doi = {10.1111/j.1467-8306.1981.tb01367.x}
}

@article{fotheringham1983,
  title = {Some Theoretical Aspects of Destination Choice and Their Relevance to Production-Constrained Gravity Models},
  author = {Fotheringham, Alexander Stewart},
  year = {1983},
  month = feb,
  journal = {Environment and Planning A},
  volume = {15},
  pages = {1121--1132},
  doi = {10.1068/a151121}
}

@article{fotheringham1988,
  title = {Consumer Store Choice and Choice Set Definition},
  author = {Fotheringham, Alexander Stewart},
  year = {1988},
  month = aug,
  journal = {Marketing Science},
  volume = {7},
  pages = {299--310},
  doi = {10.1287/mksc.7.3.299}
}

@article{hansen1959,
  title = {How Accessibility Shapes Land Use},
  author = {Hansen, Walter},
  year = {1959},
  month = may,
  journal = {Journal of the American Institute of Planners},
  volume = {25},
  pages = {73--76},
  doi = {10.1080/01944365908978307}
}

@article{hensher2004,
  title = {Identifying the Influence of Stated Choice Design Dimensionality on Willingness to Pay for Travel Time Savings},
  author = {Hensher, David},
  year = {2004},
  month = sep,
  journal = {Journal of Transport Economics and Policy},
  volume = {38},
  pages = {425--446}
}

@article{hu2002,
  title = {An Empirical Test of the Competing Destinations Model},
  author = {Hu, Pingzhao and Pooler, Jim},
  year = {2002},
  month = oct,
  journal = {Journal of Geographical Systems},
  volume = {4},
  pages = {301--323},
  doi = {10.1007/s101090200088}
}

@article{mcarthur2012,
  title = {The Impact of Monetary Costs on Commuting Flows},
  author = {Mcarthur, David and Kleppe, Gisle and Thorsen, Inge and Ub{\o}e, Jan},
  year = {2012},
  month = jan,
  journal = {Papers in Regional Science},
  volume = {92},
  doi = {10.1111/j.1435-5957.2011.00405.x}
}

@article{mcarthur2014,
  title = {Employment, {{Transport Infrastructure}}, and {{Rural Depopulation}}: A {{New Spatial Equilibrium Model}}},
  shorttitle = {Employment, {{Transport Infrastructure}}, and {{Rural Depopulation}}},
  author = {McArthur, David Philip and Thorsen, Inge and Ub{\o}e, Jan},
  year = {2014},
  month = jul,
  journal = {Environment and Planning A: Economy and Space},
  volume = {46},
  number = {7},
  pages = {1652--1665},
  publisher = {{SAGE Publications Ltd}},
  issn = {0308-518X},
  doi = {10.1068/a46120},
  abstract = {In this paper we propose a new spatial equilibrium model, and use it to discuss issues related to rural depopulation. The discussion focuses on how investments in transport infrastructure and the spatial distribution of basic-sector jobs can promote a relatively balanced growth of peripheral and central areas of a region. Through interdependencies in individual migration decisions and an economic base multiplier mechanism, negative exogenous shocks may take a peripheral zone beyond a bifurcation point, into an equilibrium of dramatically lower population and employment. We study how the location of bifurcation points depend on spatial interaction behavioural parameters and variables subject to regional policy. We also discuss the issue of the timing of interventions intended to prevent a process of rural depopulation.},
  file = {C\:\\Users\\bruker\\Zotero\\storage\\NNMSZLK6\\McArthur et al. - 2014 - Employment, Transport Infrastructure, and Rural De.pdf}
}

@techreport{multiconsult2020,
  title = {Sunnfast - Mulighetsstudie},
  author = {Multiconsult},
  year = {2020},
  month = sep
}

@book{ortuzar2011,
  title = {Modelling Transport},
  author = {Ort{\'u}zar, Juan de Dios and Willumsen, Luis G.},
  year = {2011},
  edition = {4th ed.},
  publisher = {{John Wiley \& Sons}},
  address = {{Chichester, West Sussex, United Kingdom}},
  isbn = {1-283-40548-2; 9786613405487; 1-119-99330-X; 1-119-99331-8}
}

@misc{saudakommune2020,
  title = {{Kommuneplan 2019-2031}},
  author = {{Sauda kommune}},
  year = {2020},
  journal = {Kommuneplan 2019-2031},
  howpublished = {https://www.sauda.kommune.no/planer-og-horinger/kommuneplan-og-planstrategi/kommuneplan-vedtatt-20-05-2020/},
  langid = {nynorsk},
  file = {C\:\\Users\\bruker\\Zotero\\storage\\RGZCIVB5\\Sauda - Vedtatt i Sauda kommunestyre 20.05.2020.pdf}
}

@article{sheppard1979,
  title = {Gravity Parameter Estimation},
  author = {Sheppard, Eric},
  year = {1979},
  journal = {Geographical Analysis},
  volume = {11},
  pages = {120--132},
  doi = {10.1111/j.1538-4632.1979.tb00681.x}
}

@misc{ssb2021,
  title = {Kart Fra {{Statistisk}} Sentralbyr\aa},
  author = {SSB},
  year = {2021},
  abstract = {Informasjon om hva slags kartdata SSB publiserer og samleside for ulike \aa rganger til nedlasting.},
  howpublished = {https://kart.ssb.no/},
  file = {C\:\\Users\\bruker\\Zotero\\storage\\3ZAEW5G6\\kart.ssb.no.html}
}

@article{thorsen1998,
  title = {Empirical Evaluation of Alternative Model Specifications to Predict Commuting Flows},
  author = {Thorsen, Inge and Gitlesen, Jens},
  year = {1998},
  month = may,
  journal = {Journal of Regional Science},
  volume = {38},
  pages = {273--292},
  doi = {10.1111/1467-9787.00092}
}

@article{thorsen2012,
  title = {Lokaliseringsvirkninger Av Investeringer i Transportnettet},
  author = {Thorsen, Inge},
  year = {2012},
  journal = {Magma},
  volume = {15},
  number = {6},
  pages = {72--82}
}

@techreport{vareide2020,
  title = {Regional Analyse {{Sauda}} 2020},
  author = {Vareide, Knut and Vareide, Didrik},
  year = {2020},
  month = dec,
  number = {583},
  institution = {{Telemarksforskning}},
  abstract = {Rapporten beskriver og analyserer utviklingen i Sauda med hensyn til arbeids-, n\ae rings- og befolkningsutvikling. Telemarksforsknings attraktivitetsmodell er brukt for \aa{} m\aa le attraktivitet for bosetting og n\ae ringsliv, og for \aa{} lage scenarier for framtidig utvikling i befolkning og antall arbeidsplasser. Dette er en generert pdf ut fra den digitale versjonen og mangler muligheten for interaktivitet. Det anbefales \aa{} lese den digitale versjonen p\aa{} adressen: 2020.regionalanalyse.no/rapport/1135},
  file = {C\:\\Users\\bruker\\Zotero\\storage\\2UQYYPVZ\\1.html}
}

@article{vij2013,
  title = {Incorporating the Influence of Latent Modal Preferences on Travel Mode Choice Behavior},
  author = {Vij, Akshay and Carrel, Andr{\'e} and Walker, Joan},
  year = {2013},
  month = aug,
  journal = {Transportation Research Part A: Policy and Practice},
  volume = {54},
  pages = {164--178},
  doi = {10.1016/j.tra.2013.07.008}
}

@article{vij2017,
  title = {Random Taste Heterogeneity in Discrete Choice Models: Flexible Nonparametric Finite Mixture Distributions},
  author = {Vij, Akshay and Krueger, Rico},
  year = {2017},
  month = nov,
  journal = {Transportation Research Part B: Methodological},
  volume = {106},
  doi = {10.1016/j.trb.2017.10.013}
}

@article{wilson1967,
  title = {A Statistical Theory of Spatial Distributed Models},
  author = {Wilson, Alan},
  year = {1967},
  month = nov,
  journal = {Transportation Research},
  volume = {1},
  pages = {253--269},
  doi = {10.1016/0041-1647(67)90035-4}
}


